<?xml version="1.0" encoding="UTF-8"?><collection xmlns="http://www.loc.gov/MARC21/slim"><record><leader>00683nam--2200193-i-4500</leader><controlfield tag="001">000015017</controlfield><controlfield tag="002">20161230</controlfield><controlfield tag="005">20161230201031</controlfield><controlfield tag="008">060222s1000------------r-----000-0-eng-d</controlfield><datafield ind1=" " ind2=" " tag="040"><subfield code="a">IFIN-HH</subfield></datafield><datafield ind1=" " ind2=" " tag="080"><subfield code="a">537.56</subfield></datafield><datafield ind1="1" ind2=" " tag="100"><subfield code="a">Hubert, P</subfield></datafield><datafield ind1="1" ind2="0" tag="245"><subfield code="a">Sixieme conference internationale sur les phenomenes d`ionisation dans les gaz</subfield><subfield code="b">Comptes rendsus de la vi-e conference internationale sur les phenomenes d`ionisation dans les gaz, paris, 8-13 juillet 1963</subfield><subfield code="c">P. hubert, e. cremieu-alcan (eds.)</subfield></datafield><datafield ind1=" " ind2=" " tag="260"><subfield code="a">Paris</subfield><subfield code="b">S.E.R.M.A</subfield><subfield code="c">1963</subfield></datafield><datafield ind1=" " ind2=" " tag="300"><subfield code="a">FOUR VOLUMES</subfield></datafield><datafield ind1=" " ind2=" " tag="700"><subfield code="a">Cremieu-alcan, E</subfield><subfield code="e">Ed</subfield></datafield><datafield ind1=" " ind2=" " tag="787"><subfield code="a">Volume Iv</subfield><subfield code="h">549p</subfield></datafield><datafield ind1=" " ind2=" " tag="852"><subfield code="a">21666</subfield><subfield code="c">537.52</subfield></datafield><datafield ind1=" " ind2=" " tag="CAT"><subfield code="a">Sys</subfield><subfield code="c">20110803</subfield><subfield code="h">163359</subfield></datafield></record></collection>